@book{adams1995hitchhiker,
  title={The Hitchhiker's Guide to the Galaxy},
  author={Adams, D.},
  isbn={9781417642595},
  url={http://books.google.com/books?id=W-xMPgAACAAJ},
  year={1995},
  publisher={San Val}
}

@article{Amiri2013ARO,
  author={Setare Amiri and Ahmed Fazle Rabbi and Leila Azinfar and Reza Fazel-Rezai},
  title={A Review of P300, SSVEP, and Hybrid P300/SSVEP Brain-Computer Interface Systems},
  year={2013},
  publisher={InTech},
  DOI={10.5772/56135}
}

@article{cecotti2011,
author={H. Cecotti and A. Graser},
journal={IEEE Transactions on Pattern Analysis and Machine Intelligence},
title={Convolutional Neural Networks for P300 Detection with Application to Brain-Computer Interfaces},
year={2011},
volume={33},
number={3},
pages={433-445},
doi={10.1109/TPAMI.2010.125},
ISSN={0162-8828},
month={March},}

// MNE
@article{gramfort2014mne,
  title={MNE software for processing MEG and EEG data},
  author={Gramfort, Alexandre and Luessi, Martin and Larson, Eric and Engemann, Denis A and Strohmeier, Daniel and Brodbeck, Christian and Parkkonen, Lauri and H{\"a}m{\"a}l{\"a}inen, Matti S},
  journal={Neuroimage},
  volume={86},
  pages={446--460},
  year={2014},
  publisher={Elsevier}
}

@article{tieleman2012lecture,
  title={Lecture 6.5-rmsprop: Divide the gradient by a running average of its recent magnitude},
  author={Tieleman, Tijmen and Hinton, Geoffrey},
  journal={COURSERA: Neural networks for machine learning},
  volume={4},
  number={2},
  pages={26--31},
  year={2012}
}

@article{srivastava2014dropout,
  title={Dropout: a simple way to prevent neural networks from overfitting.},
  author={Srivastava, Nitish and Hinton, Geoffrey E and Krizhevsky, Alex and Sutskever, Ilya and Salakhutdinov, Ruslan},
  journal={Journal of machine learning research},
  volume={15},
  number={1},
  pages={1929--1958},
  year={2014}
}

@article{farwell1988talking,
  title={Talking off the top of your head: toward a mental prosthesis utilizing event-related brain potentials},
  author={Farwell, Lawrence Ashley and Donchin, Emanuel},
  journal={Electroencephalography and clinical Neurophysiology},
  volume={70},
  number={6},
  pages={510--523},
  year={1988},
  publisher={Elsevier}
}

@misc{chollet2015,
author = {Fran√ßois Chollet },
title = {keras},
year = {2015},
publisher = {GitHub},
journal = {GitHub repository},
howpublished = {\url{https://github.com/fchollet/keras}},
commit = {5bcac37}
}